@Article{,
    author    = {Stefan Theu{\ss}l and Achim Zeileis},
    title    = {Collaborative Software Development Using {R}-{F}orge},
    journal    = {The R Journal},
    year    = {2009},
    volume    = {1},
    number    = {1},
    pages    = {9--14},
    month    = {May},
    url        = {http://journal.R-project.org/2009-1/RJournal_2009-1_Theussl+Zeileis.pdf}
  }
