@Manual{forge:theussl:2008,
  title = 	 {R-Forge User's Manual},
  author = 	 {Stefan Theu\ss{}l},
  url =          {http://r-forge.r-project.org/},
  year = 	 2008}

@Manual{forge:copeland_et_al:2006,
  title = 	 {Gforge Manual},
  author =	 {Tom Copeland and Roland Mas and Ken McCullagh and Tim Perdue and Guillaume Smet and Reinhard Spisser},
  year =	 2006,
  url = {http://gforge.org/docman/view.php/1/34/gforge_manual.pdf}
}

@Manual{Rcore:writing_R_extensions,
  title        = {Writing R Extensions},
  author       = {{R Development Core Team}},
  organization = {R Foundation for Statistical Computing},
  address      = {Vienna, Austria},
  year         = 2006,
  note         = {{ISBN} 3-900051-11-9},
  url          = {http://www.R-project.org}
}

%% SCM tools
@Book{forge:Pilato+Collins-Sussman+Fitzpatrick:2004,
  author	= {C. Michael Pilato and Ben Collins-Sussman and Brian W. Fitzpatrick},
  title		= {Version Control with \pkg{Subversion}},
  year		= {2004},
  publisher	= {O'Reilly},
  note		= {Full book available online at \url{http://svnbook.red-bean.com/}},
}

@Book{forge:Cederqvist:2006,
  author	= {Per {Cederqvist et al.}},
  title		= {Version Management with \pkg{CVS}},
  year		= {2006},
  publisher	= {Network Theory Limited},
  address	= {Bristol},
  note		= {Full book available online at \url{http://ximbiot.com/cvs/manual/}},
}
