@article{RJournal:Theussl+Zeileis:2009,
  author =	 {Stefan Theu\ss{}l and Achim Zeileis},
  title =	 {Collaborative Software Development Using {R-Forge}},
  journal =	 {The R Journal},
  year =	 2009,
  volume =	 1,
  number =	 1,
  pages =	 {9--14},
  month =	 {May},
  url =          {http://journal.r-project.org/2009-1/RJournal_2009-1_Theussl+Zeileis.pdf}
}

@Misc{forge:hornik:2010,
  author =	 {Kurt Hornik},
  title =	 {The {R} {FAQ}},
  year =	 {2010},
  note =	 {{ISBN} 3-900051-08-9},
  url =		 {http://CRAN.R-project.org/doc/FAQ/R-FAQ.html}
}

@Manual{forge:theussl:2011,
  title = 	 {R-Forge User's Manual},
  author = 	 {{R-Forge Administration and Development Team}},
  url =          {http://R-Forge.R-project.org/},
  year = 	 2011}

@Manual{forge:copeland_et_al:2006,
  title = 	 {GForge Manual},
  author =	 {Tom Copeland and Roland Mas and Ken McCullagh and Tim Perdue and Guillaume Smet and Reinhard Spisser},
  year =	 2006,
  url = {http://gforge.org/docman/view.php/1/34/gforge_manual.pdf}
}

@Manual{Rcore:writing_R_extensions,
  title        = {Writing R Extensions},
  author       = {{R Development Core Team}},
  organization = {R Foundation for Statistical Computing},
  address      = {Vienna, Austria},
  year         = 2011,
  note         = {{ISBN} 3-900051-11-9},
  url          = {http://www.R-project.org}
}

%% SCM tools
@Book{forge:Pilato+Collins-Sussman+Fitzpatrick:2004,
  author	= {C. Michael Pilato and Ben Collins-Sussman and Brian W. Fitzpatrick},
  title		= {Version Control with \pkg{Subversion}},
  year		= {2004},
  publisher	= {O'Reilly},
  note		= {Full book available online at \url{http://svnbook.red-bean.com/}},
}

@Book{forge:Cederqvist:2006,
  author	= {Per {Cederqvist et al.}},
  title		= {Version Management with \pkg{CVS}},
  year		= {2006},
  publisher	= {Network Theory Limited},
  address	= {Bristol},
  note		= {Full book available online at \url{http://ximbiot.com/cvs/manual/}},
}

@article{forge:Raymond:1999,
  title={{The Cathedral and the Bazaar}},
  author={Eric S. Raymond},
  journal={Knowledge, Technology, and Policy},
  volume={12},
  number={3},
  pages={23--49},
  year={1999},
  publisher={Springer}
}

