@Manual{theussl07:r_forge_users_manual,
  title = 	 {R-Forge User's Manual},
  author = 	 {Stefan Theu\ss{}l},
  year = 	 2008}


@Manual{manual:gforge,
  title = 	 {Gforge Manual},
  author =	 {Tom Copeland and Roland Mas and Ken McCullagh and Tim Perdue and Guillaume Smet and Reinhard Spisser},
  year =	 2006,
  url = {http://gforge.org/docman/view.php/1/34/gforge_manual.pdf}
}

@Manual{Rcore:writing_R_extensions,
  title        = {Writing R Extensions},
  author       = {{R Development Core Team}},
  organization = {R Foundation for Statistical Computing},
  address      = {Vienna, Austria},
  year         = 2006,
  note         = {{ISBN} 3-900051-11-9},
  url          = {http://www.R-project.org}
}

%% This is the online version of the book, original 2004 how to cite?
@book{collinssussman2007vcs,
  title     = {{Version Control with Subversion}},
  author    = {Ben Collins-Sussman and Brian W. Fitzpatrick and C. Michael Pilato},
  year      = {2007},
  publisher = {O'Reilly Media, Inc.},
  note         = {Online version of the book compiled from r2866},
  url       = {http://svnbook.red-bean.com/}
}

@Book{,
  ALTauthor = 	 {Ben Collins-Sussman and Brian W. Fitzpatrick and C. Michael Pilato},
  ALTeditor = 	 {},
  title = 	 {Version Control with Subversion},
  publisher = 	 {Creative Commons},
  year = 	 {2007},
  OPTkey = 	 {},
  OPTvolume = 	 {},
  OPTnumber = 	 {},
  OPTseries = 	 {},
  OPTaddress = 	 {},
  OPTedition = 	 {},
  OPTmonth = 	 {},
  OPTnote = 	 {},
  OPTannote = 	 {},
  
}

